<?xml version="1.0" encoding="UTF-8"?><collection xmlns="http://www.loc.gov/MARC21/slim"><record><leader>00388nam--2200133-i-4500</leader><controlfield tag="001">000032215</controlfield><controlfield tag="002">20161230</controlfield><controlfield tag="005">20161230201039</controlfield><controlfield tag="008">060222s1000------------r-----000-0-eng-d</controlfield><datafield ind1=" " ind2=" " tag="080"><subfield code="a">62-762</subfield></datafield><datafield ind1=" " ind2=" " tag="100"><subfield code="a">Mayer, Ehrhard</subfield></datafield><datafield ind1=" " ind2=" " tag="245"><subfield code="a">Axiale gleicringdichtungen. mechanical seals. joints mecaniques, 3-te bearb.u.erweit.aufl</subfield></datafield><datafield ind1=" " ind2=" " tag="260"><subfield code="a">Dusseldorf, Vdi-verlag, 1966, Xiv + 181p</subfield></datafield><datafield ind1=" " ind2=" " tag="852"><subfield code="a">24056</subfield></datafield></record></collection>